<record xmlns="http://www.loc.gov/MARC21/slim">
   <leader>03534cam a22005178i 45 0</leader>
   <controlfield tag="001">6694250</controlfield>
   <controlfield tag="003">OCoLC</controlfield>
   <controlfield tag="005">20150706125855.0</controlfield>
   <controlfield tag="008">140725s2015    cauab    b    001 0beng  </controlfield>
   <datafield ind1=" " ind2=" " tag="010">
      <subfield code="a">  2014024236</subfield>
   </datafield>
   <datafield ind1=" " ind2=" " tag="020">
      <subfield code="a">9781583949030 (paperback) :</subfield>
      <subfield code="c">$24.95</subfield>
   </datafield>
   <datafield ind1=" " ind2=" " tag="020">
      <subfield code="a">1583949038 (paperback)</subfield>
   </datafield>
   <datafield ind1=" " ind2=" " tag="035">
      <subfield code="a">ocn884961690</subfield>
   </datafield>
   <datafield ind1=" " ind2=" " tag="040">
      <subfield code="a">DLC</subfield>
      <subfield code="b">eng</subfield>
      <subfield code="e">rda</subfield>
      <subfield code="c">DLC</subfield>
      <subfield code="d">OCLCO</subfield>
      <subfield code="d">YDXCP</subfield>
      <subfield code="d">BDX</subfield>
      <subfield code="d">BTCTA</subfield>
      <subfield code="d">LTSCA</subfield>
      <subfield code="d">BKL</subfield>
      <subfield code="d">AFMK</subfield>
   </datafield>
   <datafield ind1=" " ind2=" " tag="042">
      <subfield code="a">pcc</subfield>
   </datafield>
   <datafield ind1=" " ind2=" " tag="043">
      <subfield code="a">n-cn-ab</subfield>
   </datafield>
   <datafield ind1="0" ind2="0" tag="050">
      <subfield code="a">E99.C88</subfield>
      <subfield code="b">Y68 2015</subfield>
   </datafield>
   <datafield ind1="0" ind2="0" tag="082">
      <subfield code="a">971.2004/97323092</subfield>
      <subfield code="a">B</subfield>
      <subfield code="2">23</subfield>
   </datafield>
   <datafield ind1=" " ind2=" " tag="090">
      <subfield code="a">971.200497 YOU</subfield>
      <subfield code="b">AEVC</subfield>
   </datafield>
   <datafield ind1=" " ind2=" " tag="090">
      <subfield code="a">E 99 C88 Y68 2015</subfield>
      <subfield code="b">AFMK</subfield>
   </datafield>
   <datafield ind1=" " ind2=" " tag="090">
      <subfield code="a">E99 .C88 Y64 2015</subfield>
      <subfield code="b">AEGMCT</subfield>
   </datafield>
   <datafield ind1=" " ind2=" " tag="090">
      <subfield code="a">E 99 C88 Y68 2015</subfield>
      <subfield code="b">AEU</subfield>
   </datafield>
   <datafield ind1="1" ind2=" " tag="100">
      <subfield code="a">Young, David E.</subfield>
      <subfield code="q">(David Earl)</subfield>
   </datafield>
   <datafield ind1="1" ind2="2" tag="245">
      <subfield code="a">A Cree healer and his medicine bundle :</subfield>
      <subfield code="b">revelations of indigenous wisdom : healing plants, practices, and stories /</subfield>
      <subfield code="c">David Young, Robert Rogers, and Russell Willier.</subfield>
   </datafield>
   <datafield ind1=" " ind2="1" tag="264">
      <subfield code="a">Berkeley, California :</subfield>
      <subfield code="b">North Atlantic Books,</subfield>
      <subfield code="c">[2015]</subfield>
   </datafield>
   <datafield ind1=" " ind2=" " tag="300">
      <subfield code="a">xiii, 223 pages :</subfield>
      <subfield code="b">color illustrations, color maps ;</subfield>
      <subfield code="c">23 cm</subfield>
   </datafield>
   <datafield ind1=" " ind2=" " tag="336">
      <subfield code="a">text</subfield>
      <subfield code="b">txt</subfield>
      <subfield code="2">rdacontent</subfield>
   </datafield>
   <datafield ind1=" " ind2=" " tag="337">
      <subfield code="a">unmediated</subfield>
      <subfield code="b">n</subfield>
      <subfield code="2">rdamedia</subfield>
   </datafield>
   <datafield ind1=" " ind2=" " tag="338">
      <subfield code="a">volume</subfield>
      <subfield code="b">nc</subfield>
      <subfield code="2">rdacarrier</subfield>
   </datafield>
   <datafield ind1=" " ind2=" " tag="504">
      <subfield code="a">Includes bibliographical references and index.</subfield>
   </datafield>
   <datafield ind1="0" ind2=" " tag="505">
      <subfield code="a">Part I. Russell Willier, Cree healer -- Chapter one. Willier's life as a healer -- Becoming a medicine man -- Approaching a healer -- My cosmology -- Grandmothers and grandfathers -- Collecting plants -- Common problems treated -- Survival of Native medicine -- Working with non-Native doctors -- The future -- Chapter two. Ecological issues important to Willier -- Clearcut -- Fish -- Ducks -- Moose and deer -- Plants -- Fires -- Chapter three. My favourite healing stories -- Near death experiences of patients -- Predicaments in which healers can find themselves -- Part II. Russell Willier's medicine bundle -- Chapter four. Field trip, summer 2011 -- Chapter five. Plants used by Russell Willier -- Part III. The efficacy of Native medicine -- Conclusion -- Appendix A: Maps of areas where Willier collects his herbs -- Appendix B: Common English names for the plants used by Willier -- Appendix C: Cree names for the plants used by Willier -- Appendix D: English names used by willier for the plants he uses.</subfield>
   </datafield>
   <datafield ind1="2" ind2=" " tag="520">
      <subfield code="a">"Details the life and healing practices of medicine man Russell Willier, with extensive photographs and materials on the plants used by Willier in addition to valuable information on the active ingredients in these plants and their uses in alternative therapies"--</subfield>
      <subfield code="c">Provided by publisher.</subfield>
   </datafield>
   <datafield ind1=" " ind2=" " tag="596">
      <subfield code="a">3 8 29 42</subfield>
   </datafield>
   <datafield ind1="1" ind2="0" tag="600">
      <subfield code="a">Willier, Russell.</subfield>
   </datafield>
   <datafield ind1="1" ind2="0" tag="600">
      <subfield code="a">Willier, Russell</subfield>
      <subfield code="x">Philosophy.</subfield>
   </datafield>
   <datafield ind1=" " ind2="0" tag="650">
      <subfield code="a">Cree Indians</subfield>
      <subfield code="v">Biography.</subfield>
   </datafield>
   <datafield ind1=" " ind2="0" tag="650">
      <subfield code="a">Shamans</subfield>
      <subfield code="z">Alberta</subfield>
      <subfield code="v">Biography.</subfield>
   </datafield>
   <datafield ind1=" " ind2="0" tag="650">
      <subfield code="a">Medicinal plants</subfield>
      <subfield code="z">Alberta.</subfield>
   </datafield>
   <datafield ind1=" " ind2="0" tag="650">
      <subfield code="a">Cree Indians</subfield>
      <subfield code="x">Medicine.</subfield>
   </datafield>
   <datafield ind1=" " ind2="0" tag="650">
      <subfield code="a">Alternative medicine</subfield>
      <subfield code="z">Alberta.</subfield>
   </datafield>
   <datafield ind1="1" ind2=" " tag="700">
      <subfield code="a">Rogers, Robert Dale,</subfield>
      <subfield code="d">1950-</subfield>
   </datafield>
   <datafield ind1="1" ind2=" " tag="700">
      <subfield code="a">Willier, Russell.</subfield>
   </datafield>
   <datafield ind1=" " ind2=" " tag="926">
      <subfield code="a">E 99 C88 Y68 2015</subfield>
      <subfield code="w">LC</subfield>
      <subfield code="c">1</subfield>
      <subfield code="i">34917001375786</subfield>
      <subfield code="d">12/8/2015</subfield>
      <subfield code="e">11/13/2015</subfield>
      <subfield code="l">ON_SHELF</subfield>
      <subfield code="m">KEYANO</subfield>
      <subfield code="n">5</subfield>
      <subfield code="p">$23.20</subfield>
      <subfield code="r">Y</subfield>
      <subfield code="s">Y</subfield>
      <subfield code="t">BOOK</subfield>
      <subfield code="u">9/23/2014</subfield>
      <subfield code="o">.STAFF. Rec'd Jul/15 MW</subfield>
   </datafield>
   <datafield ind1=" " ind2=" " tag="926">
      <subfield code="a">E99 .C88 Y64 2015</subfield>
      <subfield code="w">LC</subfield>
      <subfield code="c">1</subfield>
      <subfield code="i">1007834383</subfield>
      <subfield code="d">4/9/2017</subfield>
      <subfield code="e">4/9/2017</subfield>
      <subfield code="k">CHECKEDOUT</subfield>
      <subfield code="l">ON_SHELF</subfield>
      <subfield code="m">GR_MACEWAN</subfield>
      <subfield code="n">5</subfield>
      <subfield code="p">$20.00</subfield>
      <subfield code="r">M</subfield>
      <subfield code="s">Y</subfield>
      <subfield code="t">BOOK</subfield>
      <subfield code="u">7/9/2015</subfield>
   </datafield>
   <datafield ind1=" " ind2=" " tag="926">
      <subfield code="a">971.200497 YOU</subfield>
      <subfield code="w">DEWEY</subfield>
      <subfield code="c">1</subfield>
      <subfield code="i">33862001370539</subfield>
      <subfield code="d">3/1/2017</subfield>
      <subfield code="e">2/22/2017</subfield>
      <subfield code="l">ON_SHELF</subfield>
      <subfield code="m">NORQ_MAIN</subfield>
      <subfield code="n">2</subfield>
      <subfield code="p">$22.59</subfield>
      <subfield code="r">Y</subfield>
      <subfield code="s">Y</subfield>
      <subfield code="t">BOOK</subfield>
      <subfield code="u">10/7/2015</subfield>
   </datafield>
   <datafield ind1=" " ind2=" " tag="926">
      <subfield code="a">E 99 C88 Y68 2015</subfield>
      <subfield code="w">LC</subfield>
      <subfield code="c">1</subfield>
      <subfield code="i">0162034858165</subfield>
      <subfield code="d">3/10/2017</subfield>
      <subfield code="e">3/10/2017</subfield>
      <subfield code="k">MISSING</subfield>
      <subfield code="l">TRAD_MED</subfield>
      <subfield code="m">UAHLTHSC</subfield>
      <subfield code="n">4</subfield>
      <subfield code="p">$150.00</subfield>
      <subfield code="r">M</subfield>
      <subfield code="s">Y</subfield>
      <subfield code="t">LOCAL_LOAN</subfield>
      <subfield code="u">10/15/2015</subfield>
      <subfield code="z">COUTTS_ADD</subfield>
   </datafield>
</record>
